<record><leader>01265cam a2200373 i 4500</leader><controlfield tag="001">6861506</controlfield><controlfield tag="003">OCoLC</controlfield><controlfield tag="005">20141007065947.2</controlfield><controlfield tag="008">130829s2015    maua     b    001 0 eng  </controlfield><datafield ind1=" " ind2=" " tag="010"><subfield code="a">  2013033986</subfield></datafield><datafield ind1=" " ind2=" " tag="020"><subfield code="a">9780133451276</subfield></datafield><datafield ind1=" " ind2=" " tag="020"><subfield code="a">0133451275</subfield></datafield><datafield ind1=" " ind2=" " tag="035"><subfield code="a">ocn857356597</subfield></datafield><datafield ind1=" " ind2=" " tag="039"><subfield code="a">exclude</subfield></datafield><datafield ind1=" " ind2=" " tag="040"><subfield code="a">DLC</subfield><subfield code="b">eng</subfield><subfield code="e">rda</subfield><subfield code="c">DLC</subfield><subfield code="d">YDX</subfield><subfield code="d">YDXCP</subfield><subfield code="d">BTCTA</subfield><subfield code="d">NOC</subfield><subfield code="d">OCLCF</subfield><subfield code="d">OCLCO</subfield><subfield code="d">AEU</subfield></datafield><datafield ind1=" " ind2=" " tag="042"><subfield code="a">pcc</subfield></datafield><datafield ind1="0" ind2="0" tag="050"><subfield code="a">HF5415</subfield><subfield code="b">.K625 2015</subfield></datafield><datafield ind1="0" ind2="0" tag="082"><subfield code="a">658.8</subfield><subfield code="2">23</subfield></datafield><datafield ind1=" " ind2=" " tag="090"><subfield code="a">HF 5415 K625 2015</subfield><subfield code="b">AEKC</subfield></datafield><datafield ind1="1" ind2=" " tag="100"><subfield code="a">Armstrong, Gary</subfield><subfield code="q">(Gary M.)</subfield></datafield><datafield ind1="1" ind2="0" tag="245"><subfield code="a">Marketing :</subfield><subfield code="b">an introduction /</subfield><subfield code="c">Gary Armstrong, University of North Carolina, Philip Kotler, Northwestern University.</subfield></datafield><datafield ind1=" " ind2=" " tag="250"><subfield code="a">Twelfth edition.</subfield></datafield><datafield ind1=" " ind2="1" tag="264"><subfield code="a">Boston :</subfield><subfield code="b">Pearson,</subfield><subfield code="c">[2015]</subfield></datafield><datafield ind1=" " ind2="4" tag="264"><subfield code="c">&#169;2015.</subfield></datafield><datafield ind1=" " ind2=" " tag="300"><subfield code="a">xxviii, 644 pages :</subfield><subfield code="b">color illustrations ;</subfield><subfield code="c">28 cm</subfield></datafield><datafield ind1=" " ind2=" " tag="336"><subfield code="a">text</subfield><subfield code="2">rdacontent</subfield></datafield><datafield ind1=" " ind2=" " tag="337"><subfield code="a">unmediated</subfield><subfield code="2">rdamedia</subfield></datafield><datafield ind1=" " ind2=" " tag="338"><subfield code="a">volume</subfield><subfield code="2">rdacarrier</subfield></datafield><datafield ind1=" " ind2=" " tag="504"><subfield code="a">Includes bibliographical references (pages 597-622) and indexes.</subfield></datafield><datafield ind1=" " ind2=" " tag="596"><subfield code="a">31</subfield></datafield><datafield ind1=" " ind2="0" tag="650"><subfield code="a">Marketing.</subfield></datafield><datafield ind1="1" ind2=" " tag="700"><subfield code="a">Kotler, Philip.</subfield></datafield><datafield ind1=" " ind2=" " tag="949"><subfield code="i">3197900600397</subfield><subfield code="h">SKING-RF-B</subfield><subfield code="l">ON_SHELF</subfield></datafield><datafield ind1=" " ind2=" " tag="926"><subfield code="a">HF 5415 K625 2015</subfield><subfield code="w">LC</subfield><subfield code="c">1</subfield><subfield code="i">3197900600397</subfield><subfield code="d">12/15/2015</subfield><subfield code="e">12/4/2015</subfield><subfield code="l">ON_SHELF</subfield><subfield code="m">KINGS</subfield><subfield code="n">7</subfield><subfield code="r">Y</subfield><subfield code="s">Y</subfield><subfield code="t">BOOK</subfield><subfield code="u">3/11/2015</subfield></datafield></record>